@Book{h2g2,
  author =    {Adams, Douglas},
  title =     {The Hitchhiker's Guide to the Galaxy},
  publisher = {Del Rey (reprint)},
  year =      1995,
  note =      {ISBN-13: 978-0345391803}}

@Book{pratchett06:_good_omens,
  author =    {Pratchett, Terry and Gaiman, Neil},
  title =     {Good Omens:
               \emph{The Nice and Accurate Prophecies of Agnes Nutter, Witch}},
  publisher = {HarperTorch (reprint)},
  year =      2006,
  note =      {ISBN-13: 978-0060853983}}

@Misc{wiki,
  author =       {Wikipedia},
  title =        {Scriptie},
  howpublished = {URL: \url{http://nl.wikipedia.org/wiki/Masterproef},
                  laatst nagekeken op 2010-01-07}}

@article{Chu71
, Author = "LEON 0.CHUA" 
, title = "Memristor-The Missing Circuit Element"
, journal = "IEEE Transactions of circuit theory"
, year = "September 1971"
}

@article{Moo65
, Author = "GORDON E.MOORE" 
, title = "Cramming more components onto integrated circuits"
, journal = "Electronics"
, year = "April 1965"
}

@INPROCEEDINGS{Pra10,
author={Prall, K. and Parat, K.},
booktitle={Electron Devices Meeting (IEDM), 2010 IEEE International},
title={25nm 64Gb MLC NAND technology and scaling challenges invited paper},
year={2010},
month={Dec},
pages={5.2.1-5.2.4},
doi={10.1109/IEDM.2010.5703300},
ISSN={0163-1918},}