@INPROCEEDINGS{Pra10,
author={Prall, K. and Parat, K.},
booktitle={Electron Devices Meeting (IEDM), 2010 IEEE International},
title={25nm 64Gb MLC NAND technology and scaling challenges invited paper},
year={2010},
month={Dec},
pages={5.2.1-5.2.4},
doi={10.1109/IEDM.2010.5703300},
ISSN={0163-1918},}